@misc{css,
author = {{World Wide Web Consortium}},
title = {Cascading Style Sheets home page},
url={https://www.w3.org/Style/CSS/Overview.en.html},
note = "[En Línea. Última consulta: 18-05-2022]"
}

@misc{drawio,
title = {Draw.io},
url = {https://app.diagrams.net/},
note = "[En Línea. Última consulta: 15-12-2021]"
}

@misc{eclipse,
author = {{Eclipse Foundation}},
title = {Eclipse},
url = {https://www.eclipse.org/},
note = "[Ultima consulta: 03-05-2022]"
}

@misc{EPSC,
author = {{Universidad de Córdoba}},
title = {Escuela Politécnica Superior de Córdoba},
url = {https://www.uco.es/eps/es/},
note = "[Ultima consulta: 19-03-2022]"
}


@misc{git,
author = {{Git}},
title = {Página principal de Git},
url = {https://git-scm.com/},
note = "[En Línea. Última consulta: 01-03-2023]"
}

@misc{laravel,
author = {{Laravel}},
title = {Página principal de Laravel},
url = {https://laravel.com/},
note = "[En Línea. Última consulta: 01-03-2023]"
}


@book{gomez2001,
author = {M.A. Gómez-Nieto and I. Luque and E. López and G. Cerruela},
title = {Bases de Datos. Desde Chen hasta Codd con ORACLE},
publisher = {Ra-Ma, Librería y Editorial Microinformática},
year = {2001},
isbn = {84-7897-478-4}
}

@misc{html,
author = {{The Web Hypertext Application Technology Working Group}},
title = {HTML Living Standard},
url={https://html.spec.whatwg.org/},
note = "[En Línea. Última consulta: 18-05-2022]"
}

@misc{iso19501,
author = {{International Organization for Standardization}},
title = {ISO/IEC 19501:2005 Information technology — Open Distributed Processing — Unified Modeling Language (UML) Version 1.4.2},
url = {https://www.iso.org/standard/32620.html},
note = "[En línea. Última consulta: 19-01-2022]"
}

@misc{latex,
title = {Latex project},
url = {https://www.latex-project.org/get/},
note = "[En Línea. Última consulta: 15-12-2021]"
}

@book{lopd,
author = {{Agencia Estatal Boletín Oficial del Estado}},
title = {Ley  Orgánica  3/2018,  de  5  de  diciembre,  de  Protección  de  Datos Personales y garantía de los derechos digitales.},
publisher = {BOE},
year = {2018},
url={https://www.boe.es/buscar/pdf/2018/BOE-A-2018-16673-consolidado.pdf}
}


@misc{mysql,
author = {{Oracle Corporation}},
title = {Página principal de MySQL},
url = {https://www.mysql.com/},
note = "[En Línea. Última consulta: 01-03-2023]"
}


@book{omt,
author = {{Rumbaugh, J.} and {Blaha, M.} and {Premerlani, W.} and {Eddy, F.} and {Lorensen, W}},
title = {Object-Oriented Modeling and Design},
year = {1991},
publisher = {Prentice Hall}
}

@misc{omg,
title = {OMG - Object Management Group},
url = {https://www.omg.org},
author = {{OMG. Standard Devolopment Group}},
note = "[En línea. Última consulta: 19-01-2022]"
}

@misc{oracle,
title = {Oracle},
author = {{Oracle España}},
url = {https://www.oracle.com/es/index.html},
note = "[En línea. Última consulta: 03-05-2022]"
}

@misc{overleaf,
title = {Overleaf project},
url = {https://www.overleaf.com/},
note = "[En Línea. Última consulta: 28-03-2022]"
}

@misc{postgreSQL,
author = {{ The PostgreSQL Global Development Group}},
title = {PostgreSQL},
url = {https://www.postgresql.org/},
note = "[En línea. Última consulta: 03-05-2022]"
}

@misc{PHP,
author = {{The PHP Group}},
title = {PHP},
url = {https://www.php.net/},
note = "[En línea. Última consulta:26-04-2022]"
}

@misc{plesk,
author = {{Plesk}},
title = {Página principal de Plesk},
url = {https://www.plesk.com/},
note = "[En Línea. Última consulta: 01-03-2023]"
}

@book{pressman,
   title     = {Ingeniería del Software. Un enfoque práctico},
   author    = {Roger S, Pressman, R. S.},
   year      = 1992,
   publisher = "Mc Graw-Hill",
   address   = "España"
 }


@misc{python,
author = {{Python Software Foundation}},
title = {Página oficial de Python},
url={https://www.python.org/},
note = "[En Línea. Última consulta: 7-03-2023]"
}

@misc{reglamento,
author = {{Escuela Politécnica Superior de Córdoba}},
title = {Reglamento organización y funcionamiento de la EPSC},
url = {https://www.uco.es/eps/images/documentos/normativa/EPSC_REGLAMENTOINTERNO_BOUCO_2020.pdf},
note = "[En Línea. Última consulta: 07-03-2023]"
}


@misc{revistadigital,
author = {{Martín, M.}},
title = {¿Qué son los estándares web y por qué se deben utilizar?},
url = {https://revistadigital.inesem.es/informatica-y-tics/estandares-web/},
note = "[En Línea. Última consulta: 7-03-2023]"
}


@misc{ruby,
author = {{Ruby}},
title = {Ruby. El mejor amigo de un desarrollador},
url = {https://www.ruby-lang.org/},
note = "[En Línea. Última consulta: 7-03-2023]"
}



@MISC{scrum,
author = {{Sutherland, J.} and {Schwaber, K.}},
title = {La Guía de Scrum. La Guía Definitiva de Scrum: Las Reglas del Juego.},
year = {2013},
url={https://scrumguides.org/docs/scrumguide/v1/Scrum-Guide-ES.pdf},
note = {[En Línea. Última consulta: 7-03-2023]}
}


@misc{sublimeText,
author = {{Sublime HQ Pty Ltd}},
title = {Sublime Text},
url = {https://www.sublimetext.com/},
note = "[Ultima consulta: 7-03-2023]"
}

@misc{uml,
author = {{OMG Object Management Group, Inc.}},
title = {Unified Modeling Languagje},
url = {https://www.uml.org/},
note = "[En línea. Última consulta: 7-03-2023]"
}




@misc{uco,
author = {{Universidad de Córdoba}},
title = {Universidad de Córdoba},
url = {http://www.uco.es/},
note = "[En línea. Última consulta: 7-03-2023]"
}


@misc{visualStudioCode,
author = {{Microsoft}},
title = {Visual Studio Code},
url = {https://code.visualstudio.com/},
note = "[En línea. Última consulta: 7-03-2023]"
}

@misc{vps,
author = {{VPS}},
title = {Definición VPS},
url = {https://en.wikipedia.org/wiki/Virtual_private_server},
note = "[En Línea. Última consulta: 01-03-2023]"
}


@misc{wamp,
author = {{Wamp}},
title = {Página principal de Wamp},
url = {https://www.wampserver.com/en/},
note = "[En Línea. Última consulta: 01-03-2023]"
}


@misc{w3c,
author = {{World Wide Web Consortium}},
title = {World Wide Web Consortium},
url={https://www.w3.org/},
note = "[En Línea. Última consulta: 7-03-2023]"
}

@misc{WebComisionesFacultadCiencias,
author = {{UCO}},
title = {COMISIONES DE LA FACULTAD DE CIENCIAS},
url={http://www.uco.es/organiza/centros/ciencias/es/organizacion-institucional-junta-facultad},
note = "[En Línea. Última consulta: 7-03-2023]"
}

@misc{WebComisionesFacultadEducación,
author = {{UCO}},
title = {COMISIONES DE LA FACULTAD DE CIENCIAS DE LA EDUCACIÓN},
url={https://www.uco.es/educacion/es/informacion-institucional/comisiones},
note = "[En Línea. Última consulta: 7-03-2023]"
}

@misc{WebComisionesFacultadTrabajo,
author = {{UCO}},
title = {COMISIONES DE LA FACULTAD DE TRABAJO},
url={https://www.uco.es/organiza/centros/rlaborales/informacion-general#comisiones-centro},
note = "[En Línea. Última consulta: 7-03-2023]"
}

@misc{WebComisionesFacultadEconómicas,
author = {{UCO}},
title = {COMISIONES DE LA FACULTAD FACULTAD DE DERECHO Y CIENCIAS ECONÓMICAS Y EMPRESARIALES},
url={https://www.uco.es/derechoyccee/es/info-gral/comisiones},
note = "[En Línea. Última consulta: 7-03-2023]"
}

@misc{WebComisionesFacultadFilosofía,
author = {{UCO}},
title = {COMISIONES DE LA FACULTAD FACULTAD DE FILOSOFÍA Y LETRAS},
url={https://www.uco.es/filosofiayletras/es/info-gral/organizacion-institucional#comisiones},
note = "[En Línea. Última consulta: 7-03-2023]"
}

@misc{WebComisionesFacultadMedicina,
author = {{UCO}},
title = {COMISIONES DE LA FACULTAD DE MEDICINA Y ENFERMERÍA},
url={https://www.uco.es/organiza/centros/medicinayenfermeria/es/info-general#comisiones},
note = "[En Línea. Última consulta: 7-03-2023]"
}

@misc{WebComisionesFacultadVeterinaria,
author = {{UCO}},
title = {COMISIONES DE LA FACULTAD DE VETERINARIA},
url={https://www.uco.es/veterinaria/es/organizacion-inst},
note = "[En Línea. Última consulta: 7-03-2023]"
}
@misc{WebComisionesEPSBelmez,
author = {{UCO}},
title = {COMISIONES DE LA ESCUELA POLITÉCNICA SUPERIOR DE BELMEZ},
url={https://www.uco.es/politecnica-belmez/es/organizacion-institucional},
note = "[En Línea. Última consulta: 7-03-2023]"
}

@misc{WebComisionesEPSUco,
author = {{UCO}},
title = {COMISIONES DE LA ESCUELA POLITÉCNICA SUPERIOR DE CÓRDOBA},
url={https://www.uco.es/eps/es/comisiones-de-la-junta-de-escuela},
note = "[En Línea. Última consulta: 7-03-2023]"
}

@misc{WebComisionesEPSAgronómica,
author = {{UCO}},
title = {COMISIONES DE LA ESCUELA TÉCNICA SUPERIOR DE INGENIERÍA AGRONÓMICA Y DE MONTES},
url={https://www.uco.es/etsiam/es/info-gral},
note = "[En Línea. Última consulta: 7-03-2023]"
}

@misc{WebComisionesAdscritoMagisterio,
author = {{UCO}},
title = {CENTRO DE MAGISTERIO SAGRADO CORAZÓN},
url={https://www.uco.es/sagradocorazon/principal/organizacion-institucional/},
note = "[En Línea. Última consulta: 7-03-2023]"
}

@misc{WebComisionesAdscritoFidisecUCO,
author = {{UCO}},
title = {CENTRO UNIVERSITARIO FISIDEC},
url={https://www.uco.es/organiza/centros/fisidec/organizacion-institucional/},
note = "[En Línea. Última consulta: 7-03-2023]"
}

@misc{reglamentotfg,
author = {{UCO}},
title = {Reglamento TFG EPS},
url={https://www.uco.es/eps/images/documentos/normativa/190110_Reglamento_TFG-CG190401-A5.pdf},
note = "[En Línea. Última consulta: 7-03-2023]"
}

@misc{javascript,
author = {{JavaScript}},
title = {Página sobre documentación de JavaScript},
url={https://developer.mozilla.org/es/docs/Web/JavaScript},
note = "[En Línea. Última consulta: 7-03-2023]"
}

@misc{starUML,
author = {{starUML}},
title = {Página principal de StarUML},
url={https://staruml.io/},
note = "[En Línea. Última consulta: 7-03-2023]"
}

@misc{peter,
author = {{M. Gómez-Nieto, I. Luque, E. López y G. Cerruela}},
title = {Bases de Datos},
url={Desde Chen hasta Codd con ORACLE. Ra-Ma, Librería y Editorial Microinformática, 2001. isbn: 84-7897-478-4.},
note = "[En Línea. Última consulta: 21-07-2023]"
}

@misc{tailwind,
author = {{Tailwind CSS}},
title = {Página oficial de Tailwind CSS},
url={https://tailwindcss.com/},
note = "[En Línea. Última consulta: 14-09-2023]"
}

@misc{orgchart,
author = {{Balkan}},
title = {Página oficial de OrgChart JS},
url={https://balkan.app/},
note = "[En Línea. Última consulta: 14-09-2023]"
}

@misc{github,
author = {{Github}},
title = {Página oficial de GitHub},
url={https://github.com/},
note = "[En Línea. Última consulta: 14-09-2023]"
}

@misc{reglasBD,
author = {{M. Gómez-Nieto, I. Luque, E. López y G. Cerruela}},
title = {Bases de Datos. Desde Chen hastaCodd con ORACLE},
url={Ra-Ma, Librería y Editorial Microinformática, 2001. isbn:84-7897-478-4.},
}

